<?xml version="1.0" encoding="UTF-8"?><collection xmlns="http://www.loc.gov/MARC21/slim"><record><leader>00323nam--2200133-i-4500</leader><controlfield tag="001">000026813</controlfield><controlfield tag="002">20161230</controlfield><controlfield tag="005">20161230201036</controlfield><controlfield tag="008">060222s1000------------r-----000-0-eng-d</controlfield><datafield ind1=" " ind2=" " tag="080"><subfield code="a">32</subfield></datafield><datafield ind1=" " ind2=" " tag="100"><subfield code="a">Kiesinger, Kurt Georg</subfield></datafield><datafield ind1=" " ind2=" " tag="245"><subfield code="a">Elite in demokratie</subfield></datafield><datafield ind1=" " ind2=" " tag="260"><subfield code="a">Stuttgart, Technische Hoshschule, 1965. 9p</subfield></datafield><datafield ind1=" " ind2=" " tag="852"><subfield code="a">24310</subfield></datafield></record></collection>